
@book{seborg2010process,
  title={Process dynamics and control},
  author={Seborg, Dale E and Mellichamp, Duncan A and Edgar, Thomas F and Doyle III, Francis J},
  year={2010},
  publisher={John Wiley \& Sons}
}

@misc{ManualMaglev,
  author = {Feedback Instruments LTD},
  title = {Magnetic Levitation: Control Experiments},
  year = {East Sussex, TN6 2QR, Reino Unido, 1998.}
}


@misc{MonografiaVitor2009,
  author = {Vitor Gouvêa Santos},
  title = {Atualização de uma Plataforma para Ensino
de Controle: Aplicação ao Pêndulo Invertido},
  year = {Belo Horizonte - MG, Brasil, 2009.}
}

@book{aguirre2004,
  title={Introdução à identificação de sistemas--Técnicas lineares e não-lineares aplicadas a sistemas reais},
  author={Aguirre, Luis Antonio},
  year={2004},
  publisher={Editora UFMG}
}

@article{SobreIdentificacaoSist,
author = {Longhi, Luis},
year = {2012},
month = {01},
pages = {37},
title = {Sobre a Identificação de Processos Integradores com Atraso e Tempo-morto},
volume = {183},
journal = {Controle & Instrumentação}
}

@book{ogata2009modern,
  title={Modern control engineering},
  author={Ogata, Katsuhiko},
  year={2009},
  publisher={Prentice Hall Upper Saddle River, NJ}
}

@misc{Joel2012,
  author = {Joel Ballard},
  title = {The Simple harmonic Pendulum},
  year = {Spring, 2012.},
  url = {https://web.math.pmf.unizg.hr/nastava/nmf/Njihalo.pdf},
  urldate = {2019-09-01}
}

%%%%%%%%%%%%%%%%%%%%%%%%%%%%%%%%%%%%%%%%%%%%%%%%%%%%%%%%%%%%%%%%%%%%%%
\book{ogata2009modern,
  title={Modern control engineering},
  author={Ogata, Katsuhiko},
  year={2009},
  publisher={Prentice Hall Upper Saddle River, NJ}
}

\misc{Joel2012,
  author = {Vance VanDoren, PhD},
  title = {Fundamentals of cascade control },
  year = {PE August 17, 2014},
  url = {https://www.controleng.com/articles/fundamentals-of-cascade-control/},
  urldate = {2019-09-01}
}
